@book{floyd1997fundamentos,
  title={Fundamentos de sistemas digitales},
  author={Thomas L. Floyd and M José Gómez Caño and Eduardo Barrera López de Turiso and Lourdes Peñalver Herrero},
  volume={7},
  year={1997},
  publisher={Prentice Hall}
}

@misc{digitalsystem2004,
	author = {Digital Systems},
	title = {Charles H. Roth},
	month = {Enero},
	year = {2004},
	howpublished = {[Online] \url{http://projects.ece.utexas.edu/ee316/}}
}

@article{Iglesias_Gamarra_2010,
    author =       "José Ramón Iglesias Gamarra",
    title =        "{Robótica: La Cinemática vista desde la teoría matemática en robots bípedos}",
    journal =      "Revista Inge-CUC",
    volume =       "6",
    number =       "6",
    pages =        "143-156",
    year =         "2010",
    month=	   "oct.",
    ISSN=	   "0122-6517",
    URL=          "https://revistascientificas.cuc.edu.co/ingecuc/article/view/300"
}

@misc{Arturo_Alvarez2018,
	author=	"Arturo Alvarez",
	title= "Estructuras de los Robots industriales",
	year= {2018},
	howpublished= {[Online] \url{www.udesantiagovirtual.cl/moodle2/pluginfile.php?file=%2F243181%2Fmod_resource%2Fcontent%2F1%2FClase 2_Robótica y Drones 2018 Estructuras de los Robots Industriales.pdf}}
}
